@article{Cornish_2021,
	doi = {10.1103/physrevd.104.104054},
  
	url = {https://doi.org/10.1103%2Fphysrevd.104.104054},
  
	year = 2021,
	month = {nov},
  
	publisher = {American Physical Society ({APS})},
  
	volume = {104},
  
	number = {10},
  
	author = {Neil J. Cornish},
  
	title = {Heterodyned likelihood for rapid gravitational wave parameter inference},
  
	journal = {Physical Review D}
}

